@book{ neko,
  author    = "浅野, 洋 and 太田, 登  and 伊藤, 整 ",
  title     = "吾輩は猫である",
  publisher = "桜楓社",
  year      = "1991",
  series    = "漱石作品論集成",
  number    = "第1巻",
  URL       = "https://ci.nii.ac.jp/ncid/BN06084858"
}